@article{Bubenik2014,
  title={Categorification of persistent homology},
  author={Bubenik, Peter and Scott, Jonathan A},
  journal={Discrete \& Computational Geometry},
  volume={51},
  number={3},
  pages={600--627},
  year={2014},
  publisher={Springer}
}

@inproceedings{Cohen2005,
  title={Stability of persistence diagrams},
  author={Cohen-Steiner, David and Edelsbrunner, Herbert and Harer, John},
  booktitle={Proceedings of the twenty-first annual symposium on Computational geometry},
  pages={263--271},
  year={2005}
}

@inproceedings{Chazal2009,
  title={Proximity of persistence modules and their diagrams},
  author={Chazal, Fr{\'e}d{\'e}ric and Cohen-Steiner, David and Glisse, Marc and Guibas, Leonidas J and Oudot, Steve Y},
  booktitle={Proceedings of the twenty-fifth annual symposium on Computational geometry},
  pages={237--246},
  year={2009}
}

@book{Land,
  title={Introduction to Infinity-Categories},
  author={Land, Markus},
  series={Compact Textbooks in Mathematics},
  year={2021},
  publisher={Springer International Publishing}
}

@misc{Blumberg,
  author = {Blumberg, Andrew J. and Lesnick, Michael},
  doi = {10.48550/ARXIV.1705.01690},
  title = {Universality of the Homotopy Interleaving Distance},
  publisher = {arXiv},
  year = {2017},
}

@book{Gabriel,
title={Calculus of Fractions and Homotopy Theory},
author={Gabriel, Peter and Zisman, Michel},
doi={https://doi.org/10.1007/978-3-642-85844-4},
publisher={Springer Berlin, Heidelberg},
year={2012}
}

@article{Turner2014PHT,
  title={Persistent Homology Transform for Modeling Shapes and Surfaces},
  author={Katharine Turner and Sayan Mukherjee and Doug M. Boyer},
  journal={arXiv: Statistics Theory},
  year={2013}
}

@article{Arya2022ShapeSpace,
  title={A Sheaf-Theoretic Construction of Shape Space},
  author={Shreya Arya and Justin Curry and Sayan Mukherjee},
  journal={ArXiv},
  year={2022},
  volume={abs/2204.09020}
}

@article{Curry2018Directions,
  title={How Many Directions Determine a Shape and other Sufficiency Results for Two Topological Transforms},
  author={Justin Curry and Sayan Mukherjee and Katharine Turner},
  journal={Transactions of the American Mathematical Society, Series B},
  year={2018}
}

@book{dries1998, 
place={Cambridge}, 
series={London Mathematical Society Lecture Note Series}, 
title={Tame Topology and O-minimal Structures}, 
DOI={10.1017/CBO9780511525919}, 
publisher={Cambridge University Press}, 
author={Dries, L. P. D. van den}, 
year={1998}, 
collection={London Mathematical Society Lecture Note Series}}


@book{MacLane1978,
  title={Categories for the Working Mathematician},
  author={Mac Lane, Saunders},
  year={1978},
  publisher={Springer New York, NY}
}

@book{Borceux1994,
  title={Handbook of Categorical Algebra: Volume 2, Categories and Structures},
  author={Borceux, Francis},
  volume={2},
  year={1994},
  publisher={Cambridge University Press}
}

@article{Lawvere1973,
  title={Metric spaces, generalized logic, and closed categories},
  author={Lawvere, F William},
  journal={Rendiconti del seminario mat{\'e}matico e fisico di Milano},
  volume={43},
  number={1},
  pages={135--166},
  year={1973},
  publisher={Springer}
}

@online{Leinster2016proj,
  author = {Tom Leinster},
  title = {Monoidal Categories with Projections},
  year = 2016,
  url = {https://golem.ph.utexas.edu/category/2016/08/monoidal_categories_with_proje.html},
  urldate = {2022-12-10}
}

@article{Otter2018,
  title={Magnitude meets persistence: homology theories for filtered simplicial sets},
  author={Otter, Nina},
  journal={Homology, Homotopy and Applications},
  year={2022},
  volume={24},
  number={2},
  pages={365--387},
  publisher={International Press}
}

@online{Leinster2016mag,
  author = {Tom Leinster},
  title = {Magnitude Homology},
  year = {2016},
  url = {https://golem.ph.utexas.edu/category/2016/09/magnitude_homology.html},
  urldate = {2022-12-11}
}

@book{Goerss2009,
  title={Simplicial Homotopy Theory},
  author={Goerss, Paul G. and Jardine, John F.},
  publisher={Birkh\"auser Basel},
  DOI={10.1007/978-3-0346-0189-4},
  year={2009}
}

@Article{Leinster2021,
  author         = {Tom Leinster and Michael Shulman},
  journal        = {Algebraic {\&} Geometric Topology},
  title          = {Magnitude homology of enriched categories and metric spaces},
  year           = {2021},
  month          = {oct},
  number         = {5},
  pages          = {2175--2221},
  volume         = {21},
  doi            = {10.2140/agt.2021.21.2175},
  file           = {:C\:/Users/drnai/OneDrive/Documents/Mathematics/Papers/Magnitude/Leinster, Shulman - Magnitude homology of enriched categories and metric spaces.pdf:PDF},
  publisher      = {Mathematical Sciences Publishers},
  qualityassured = {qualityAssured},
}

@book{Riehl,
  title={Category Theory in Context},
  author={Riehl, Emily},
  isbn={9780486820804},
  year={2017},
  publisher={Dover Publications}
}

@book{May,
  title={A Concise Course in Algebraic Topology},
  author={May, J.P.},
  series={Chicago Lectures in Mathematics},
  year={1999},  publisher={University of Chicago Press}
}


@misc{Jardine,
  doi = {10.48550/ARXIV.2002.10013},
  author = {Jardine, J. F.},
  title = {Persistent homotopy theory},
  publisher = {arXiv},
  year = {2020},
  }

@article{Dugger2002HypercoversAS,
  title={Hypercovers and simplicial presheaves},
  author={Daniel Dugger and Sharon Hollander and Daniel Isaksen},
  journal={Mathematical Proceedings of the Cambridge Philosophical Society},
  year={2002},
  volume={136},
  pages={9 - 51}
}

@misc{Lambrechts2013Holim,
  author        = {Pascal Lambrechts},
  title         = {A gentle introduction on Homotopy Limits and Colimits},
  year          = {2013},
  url           ={https://mysite.science.uottawa.ca/pjacqmin/PrimerHolimHocolim-19sept2013.pdf}
}

@article{Niyogi2008FindingTH,
  title={Finding the Homology of Submanifolds with High Confidence from Random Samples},
  author={Partha Niyogi and Stephen Smale and Shmuel Weinberger},
  journal={Discrete \& Computational Geometry},
  year={2008},
  volume={39},
  pages={419-441}
}

@article{Ghrist2008,
  title={Barcodes: the persistent topology of data},
  author={Ghrist, Robert},
  journal={Bulletin of the American Mathematical Society},
  volume={45},
  number={1},
  pages={61--75},
  year={2008}
}

@article{Skraba2013PersistenceMA,
  title={Persistence modules: Algebra and algorithms},
  author={Primoz Skraba and Mikael Vejdemo-Johansson},
  journal={ArXiv},
  year={2013},
  volume={abs/1302.2015}
}